@article{Stewart1993EarlySVD,
 ISSN = {00361445},
 URL = {http://www.jstor.org/stable/2132388},
 abstract = {This paper surveys the contributions of five mathematicians--Eugenio Beltrami (1835-1899), Camille Jordan (1838-1921), James Joseph Sylvester (1814-1897), Erhard Schmidt (1876-1959), and Hermann Weyl (1885-1955)--who were responsible for establishing the existence of the singular value decomposition and developing its theory.},
 author = {G. W. Stewart},
 journal = {SIAM Review},
 number = {4},
 pages = {551--566},
 publisher = {Society for Industrial and Applied Mathematics},
 title = {On the Early History of the Singular Value Decomposition},
 volume = {35},
 year = {1993}
}

